% Encoding: UTF-8

@Article{vedantham2015digital,
  author    = {Vedantham, Srinivasan and Karellas, Andrew and Vijayaraghavan, Gopal R and Kopans, Daniel B},
  title     = {Digital breast tomosynthesis: state of the art},
  journal   = {Radiology},
  year      = {2015},
  volume    = {277},
  number    = {3},
  pages     = {663--684},
  publisher = {Radiological Society of North America},
}

@Misc{inca,
  author        = {INCA},
  title         = {Instituto Nacional de Câncer José Alencar Gomes da Silva},
  year          = {2017},
  url           = {http://www.inca.gov.br/},
  urlaccessdate = {31 de out. de 2017},
}

@Misc{oms,
  author        = {WHO},
  title         = {World Health Organization - Breast Cancer},
  year          = {2017},
  url           = {http://www.who.int/},
  urlaccessdate = {31 de out. de 2017},
}

@Article{wu2004comparison,
  author    = {Wu, Tao and Moore, Richard H and Rafferty, Elizabeth A and Kopans, Daniel B},
  title     = {A comparison of reconstruction algorithms for breast tomosynthesis},
  journal   = {Medical physics},
  year      = {2004},
  volume    = {31},
  number    = {9},
  pages     = {2636--2647},
  publisher = {Wiley Online Library},
}

@Article{wu2003tomographic,
  author    = {Wu, Tao and Stewart, Alexander and Stanton, Martin and McCauley, Thomas and Phillips, Walter and Kopans, Daniel B and Moore, Richard H and Eberhard, Jeffrey W and Opsahl-Ong, Beale and Niklason, Loren and others},
  title     = {Tomographic mammography using a limited number of low-dose cone-beam projection images},
  journal   = {Medical physics},
  year      = {2003},
  volume    = {30},
  number    = {3},
  pages     = {365--380},
  publisher = {Wiley Online Library},
}

@Article{niklason1997digital,
  author  = {Niklason, Loren T and Christian, Bradley T and Niklason, Laura E and Kopans, Daniel B and Castleberry, Donald E and Opsahl-Ong, BH and Landberg, Cynthia E and Slanetz, Priscilla J and Giardino, Angela A and Moore, Richard and others},
  title   = {Digital tomosynthesis in breast imaging.},
  journal = {Radiology},
  year    = {1997},
  volume  = {205},
  number  = {2},
  pages   = {399--406},
}

@Article{xu2015statistical,
  author    = {Xu, Shiyu and Lu, Jianping and Zhou, Otto and Chen, Ying},
  title     = {Statistical iterative reconstruction to improve image quality for digital breast tomosynthesis},
  journal   = {Medical physics},
  year      = {2015},
  volume    = {42},
  number    = {9},
  pages     = {5377--5390},
  publisher = {Wiley Online Library},
}

@Article{hu2008image,
  author    = {Hu, Yue-Houng and Zhao, Bo and Zhao, Wei},
  title     = {Image artifacts in digital breast tomosynthesis: Investigation of the effects of system geometry and reconstruction parameters using a linear system approach},
  journal   = {Medical physics},
  year      = {2008},
  volume    = {35},
  number    = {12},
  pages     = {5242--5252},
  publisher = {Wiley Online Library},
}

@InProceedings{borges2017pipeline,
  author       = {Borges, Lucas R and Bakic, Predrag R and Foi, Alessandro and Maidment, Andrew DA and Vieira, Marcelo AC},
  title        = {Pipeline for effective denoising of digital mammography and digital breast tomosynthesis},
  booktitle    = {Medical Imaging 2017: Physics of Medical Imaging},
  year         = {2017},
  volume       = {10132},
  pages        = {1013206},
  address      = {Orlando},
  organization = {International Society for Optics and Photonics},
}

@Article{zheng2018detector,
  author    = {Zheng, Jiabei and Fessler, Jeffrey A and Chan, Heang-Ping},
  title     = {Detector Blur and Correlated Noise Modeling for Digital Breast Tomosynthesis Reconstruction},
  journal   = {IEEE transactions on medical imaging},
  year      = {2018},
  volume    = {37},
  number    = {1},
  pages     = {116--127},
  publisher = {IEEE},
}

@Article{salvadeo2016nonlocal,
  author    = {Salvadeo, Denis HP and Mascarenhas, Nelson DA and Levada, Alexandre LM},
  title     = {Nonlocal Markovian models for image denoising},
  journal   = {Journal of Electronic Imaging},
  year      = {2016},
  volume    = {25},
  number    = {1},
  pages     = {013003--013003},
  publisher = {International Society for Optics and Photonics},
}

@Book{buzug2008computed,
  title     = {Computed tomography: from photon statistics to modern cone-beam CT},
  publisher = {Springer Science \& Business Media},
  year      = {2008},
  author    = {Buzug, Thorsten M},
  address   = {Berlin},
}

@Book{avinash1988principles,
  title     = {Principles of computerized tomographic imaging},
  publisher = {IEEE press},
  year      = {1988},
  author    = {Kak, Avinash C and Slaney, Malcolm},
  editor    = {Randi Scholnick},
  address   = {New York},
}

@Book{levakhina2014three,
  title     = {Three-Dimensional Digital Tomosynthesis: Iterative reconstruction, artifact reduction and alternative acquisition geometry},
  publisher = {Springer Vieweg},
  year      = {2014},
  author    = {Levakhina, Yulia},
  editor    = {Thorsten M. Buzug},
  address   = {Wiesbaden},
}

@PhdThesis{yang2012numerical,
  author = {Yang, Guang},
  title  = {Numerical Approaches for Solving the Combined Reconstruction and Registration of Digital Breast Tomosynthesis},
  school = {UCL (University College London)},
  year   = {2012},
}

@Article{radon1917uber,
  author  = {Radon, Johann},
  title   = {Uber die bestimmug von funktionen durch ihre integralwerte laengs geweisser mannigfaltigkeiten},
  journal = {Berichte Saechsishe Acad. Wissenschaft. Math. Phys., Klass},
  year    = {1917},
  volume  = {69},
  pages   = {262},
}

@Article{radon1986determination,
  author    = {Radon, Johann},
  title     = {On the determination of functions from their integral values along certain manifolds},
  journal   = {IEEE transactions on medical imaging},
  year      = {1986},
  volume    = {5},
  number    = {4},
  pages     = {170--176},
  publisher = {IEEE},
}

@Article{gold1990highlights,
  author  = {Gold, Richard H and Bassett, Lawrence W and Widoff, Bobbi E},
  title   = {Highlights from the history of mammography.},
  journal = {Radiographics},
  year    = {1990},
  volume  = {10},
  number  = {6},
  pages   = {1111--1131},
}

@Article{bassett1988evolution,
  author    = {Bassett, Lawrence W and Gold, Richard H},
  title     = {The evolution of mammography},
  journal   = {American Journal of Roentgenology},
  year      = {1988},
  volume    = {150},
  number    = {3},
  pages     = {493--498},
  publisher = {Am Roentgen Ray Soc},
}

@Article{nishikawa1987scanned,
  author    = {Nishikawa, Robert M and Mawdsley, Gordon E and Fenster, Aaron and Yaffe, Martin J},
  title     = {Scanned-projection digital mammography},
  journal   = {Medical physics},
  year      = {1987},
  volume    = {14},
  number    = {5},
  pages     = {717--727},
  publisher = {Wiley Online Library},
}

@Article{karellas2008breast,
  author    = {Karellas, Andrew and Vedantham, Srinivasan},
  title     = {Breast cancer imaging: A perspective for the next decade},
  journal   = {Medical physics},
  year      = {2008},
  volume    = {35},
  number    = {11},
  pages     = {4878--4897},
  publisher = {Wiley Online Library},
}

@Article{lewin2001comparison,
  author    = {Lewin, John M and Hendrick, R Edward and Dâ€™Orsi, Carl J and Isaacs, Pamela K and Moss, Lawrence J and Karellas, Andrew and Sisney, Gale A and Kuni, Christopher C and Cutter, Gary R},
  title     = {Comparison of full-field digital mammography with screen-film mammography for cancer detection: results of 4,945 paired examinations},
  journal   = {Radiology},
  year      = {2001},
  volume    = {218},
  number    = {3},
  pages     = {873--880},
  publisher = {Radiological Society of North America},
}

@InProceedings{yaffe1988development,
  author       = {Yaffe, MJ and Nishikawa, RM and Maidment, ADA and Fenster, A},
  title        = {Development of a digital mammography system},
  booktitle    = {Medical Imaging II},
  year         = {1988},
  volume       = {0914},
  pages        = {182--189},
  organization = {Proc.SPIE},
  address      = {Newport Beach}
}

@Misc{americancancersociety2017,
  author        = {ACS},
  title         = {American Cancer Society - About Breast Cancer},
  year          = {2017},
  url           = {https://www.cancer.org/},
  urlaccessdate = {21 de nov. de 2017},
}

@Article{yaffe2011risk,
  author    = {Yaffe, Martin J and Mainprize, James G},
  title     = {Risk of radiation-induced breast cancer from mammographic screening},
  journal   = {Radiology},
  year      = {2011},
  volume    = {258},
  number    = {1},
  pages     = {98--105},
  publisher = {Radiological Society of North America, Inc.},
}

@Article{roth2014digital,
  author    = {Roth, Robyn Gartner and Maidment, Andrew DA and Weinstein, Susan P and Roth, Susan Orel and Conant, Emily F},
  title     = {Digital breast tomosynthesis: lessons learned from early clinical implementation},
  journal   = {Radiographics},
  year      = {2014},
  volume    = {34},
  number    = {4},
  pages     = {E89--E102},
  publisher = {Radiological Society of North America},
}

@Article{dobbins2003digital,
  author    = {Dobbins, James T and Godfrey, Devon J},
  title     = {Digital x-ray tomosynthesis: current state of the art and clinical potential},
  journal   = {Physics in medicine and biology},
  year      = {2003},
  volume    = {48},
  number    = {19},
  pages     = {R65},
  publisher = {IOP Publishing},
}

@Article{garrison1969three,
  author    = {Garrison, JB and Grant, DG and Guier, WH and Johns, RJ},
  title     = {Three dimensional roentgenography},
  journal   = {American Journal of Roentgenology},
  year      = {1969},
  volume    = {105},
  number    = {4},
  pages     = {903--908},
  publisher = {Am Roentgen Ray Soc},
}

@Article{miller1971infinite,
  author    = {Miller, Earl R and MoCurry, Edward M and Hruska, Bernard},
  title     = {An infinite number of laminagrams from a finite number of radiographs},
  journal   = {Radiology},
  year      = {1971},
  volume    = {98},
  number    = {2},
  pages     = {249--255},
  publisher = {The Radiological Society of North America},
}

@Article{grant1972tomosynthesis,
  author    = {Grant, David G},
  title     = {Tomosynthesis: a three-dimensional radiographic imaging technique},
  journal   = {IEEE Transactions on Biomedical Engineering},
  year      = {1972},
  number    = {1},
  pages     = {20--28},
  publisher = {IEEE},
}

@Book{hsieh2009computed,
  title     = {Computed Tomography Principles, Design, Artifacts, and Recent Advances},
  publisher = {SPIE Press, Wiley Interscience},
  year      = {2009},
  author    = {Hsieh, J.},
  series    = {SPIE Press Monograph Vol. PM188},
  address   = {Bellingham},
  edition   = {2},
}

@Article{sechopoulos2013review,
  author    = {Sechopoulos, Ioannis},
  title     = {A review of breast tomosynthesis. Part I. The image acquisition process},
  journal   = {Medical physics},
  year      = {2013},
  volume    = {40},
  number    = {1},
  publisher = {Wiley Online Library},
}

@Article{baker2011breast,
  author    = {Baker, Jay A and Lo, Joseph Y},
  title     = {Breast Tomosynthesis},
  journal   = {Academic radiology},
  year      = {2011},
  volume    = {18},
  number    = {10},
  pages     = {1298--1310},
  publisher = {Elsevier},
}

@Article{sechopoulos2009optimization,
  author    = {Sechopoulos, Ioannis and Ghetti, Caterina},
  title     = {Optimization of the acquisition geometry in digital tomosynthesis of the breast},
  journal   = {Medical physics},
  year      = {2009},
  volume    = {36},
  number    = {4},
  pages     = {1199--1207},
  publisher = {Wiley Online Library},
}

@InCollection{Hooley20189,
  author    = {Regina J. Hooley and Amanda Albarella and Liane E. Philpotts},
  title     = {The Technologist's Perspective},
  booktitle = {Breast Tomosynthesis},
  publisher = {Elsevier},
  year      = {2018},
  editor    = {Philpotts, Liane E. and Hooley, Regina J.},
  chapter   = {3},
  pages     = {9 - 17},
  address   = {Philadelphia},
}

@InCollection{glick2014system,
  author    = {Glick, Stephen J},
  title     = {System design and acquisition parameters for breast tomosynthesis},
  booktitle = {Tomosynthesis Imaging},
  publisher = {Taylor \& Francis},
  year      = {2014},
  editor    = {I. Reiser and S. Glick},
  chapter   = {2},
  pages     = {21-26},
  address   = {Boca Raton},
  edition   = {1},
}

@InCollection{goodsitt2014history,
  author    = {Goodsitt, Mitchell M},
  title     = {The history of tomosynthesis},
  booktitle = {Tomosynthesis Imaging},
  publisher = {Taylor \& Francis},
  year      = {2014},
  editor    = {I. Reiser and S. Glick},
  chapter   = {1},
  pages     = {3-13},
  address   = {Boca Raton},
  edition   = {1},
}

@InCollection{Niklason20185,
  author    = {Loren Niklason},
  title     = {Physics and Development of Breast Tomosynthesis},
  booktitle = {Breast Tomosynthesis},
  publisher = {Elsevier},
  year      = {2018},
  editor    = {Philpotts, Liane E. and Hooley, Regina J.},
  chapter   = {2},
  pages     = {5 - 8},
  address   = {Philadelphia},
}

@Article{das2011penalized,
  author    = {Das, Mini and Gifford, Howard C and O'Connor, J Michael and Glick, Stephen J},
  title     = {Penalized maximum likelihood reconstruction for improved microcalcification detection in breast tomosynthesis},
  journal   = {IEEE transactions on medical imaging},
  year      = {2011},
  volume    = {30},
  number    = {4},
  pages     = {904--914},
  publisher = {IEEE},
}

@Book{zeng2010medical,
  title     = {Medical image reconstruction: a conceptual tutorial.},
  publisher = {Springer-Verlag},
  year      = {2010},
  author    = {Zeng, Gengsheng Lawrence},
  address   = {Berlin},
}

@Article{feldkamp1984practical,
  author    = {Feldkamp, LA and Davis, LC and Kress, JW},
  title     = {Practical cone-beam algorithm},
  journal   = {JOSA A},
  year      = {1984},
  volume    = {1},
  number    = {6},
  pages     = {612--619},
  publisher = {Optical Society of America},
}

@InCollection{Fessler2000handbook,
  author    = {Jeffrey A. Fessler},
  title     = {Statistical Image Reconstruction Methods for Transmission Tomography},
  booktitle = {Handbook of Medical Imaging: Medical image processing and analysis},
  publisher = {Spie Press},
  year      = {2000},
  editor    = {Beutel and Jacob},
  volume    = {2},
  pages     = {3-58},
  chapter   = 1,
  address   = {Bellingham},
  edition   = {2},
}

@Article{zheng2017segmented,
  author    = {Zheng, Jiabei and Fessler, Jeffrey A and Chan, Heang-Ping},
  title     = {Segmented separable footprint projector for digital breast tomosynthesis and its application for subpixel reconstruction},
  journal   = {Medical physics},
  year      = {2017},
  volume    = {44},
  number    = {3},
  pages     = {986--1001},
  publisher = {Wiley Online Library},
}

@MastersThesis{Duarte2009,
  author = {Isabel Catarina Castro Duarte},
  title  = {3D Medical image reconstruction: on digital breast tomosynthesis},
  school = {Universidade de Coimbra},
  year   = {2009},
}

@PhdThesis{salvadeo2013filtragem,
  author    = {Salvadeo, Denis Henrique Pinheiro and others},
  title     = {Filtragem de ruído em imagens tomográficas com baixa taxa de contagem utilizando uma abordagem bayesiana contextual},
  school    = {Universidade Federal de São Carlos},
  year      = {2013},
  publisher = {Universidade Federal de S{\~a}o Carlos},
}

@Book{li2009markov,
  title     = {Markov random field modeling in image analysis},
  publisher = {Springer-Verlag},
  year      = {2001},
  author    = {Li, Stan Z},
  editor    = {Tosiyasu L. Kunii},
  address   = {New York},
}

@Article{hammersley1971markov,
  author  = {Hammersley, John M and Clifford, Peter},
  title   = {Markov fields on finite graphs and lattices},
  journal = {unpublished},
  year    = {1971},
}

@Book{rangayyan2004biomedical,
  title     = {Biomedical image analysis},
  publisher = {CRC press},
  year      = {2004},
  author    = {Rangayyan, Rangaraj M},
  address   = {Boca Raton},
}

@Article{shepp1974fourier,
  author    = {Shepp, Lawrence A and Logan, Benjamin F},
  title     = {The Fourier reconstruction of a head section},
  journal   = {IEEE Transactions on nuclear science},
  year      = {1974},
  volume    = {21},
  number    = {3},
  pages     = {21--43},
  publisher = {IEEE},
}

@MastersThesis{guerrero2018,
  author = {Igor Guerrero},
  title  = {Correção do espectro de potência do ruído na simulação de redução da dose de radiação em imagens de tomossíntese digital mamária},
  school = {Universidade de São Paulo},
  year   = {2018},
}

@Article{chen2009bayesian,
  author    = {Chen, Yang and Gao, Dazhi and Nie, Cong and Luo, Limin and Chen, Wufan and Yin, Xindao and Lin, Yazhong},
  title     = {Bayesian statistical reconstruction for low-dose X-ray computed tomography using an adaptive-weighting nonlocal prior},
  journal   = {Computerized Medical Imaging and Graphics},
  year      = {2009},
  volume    = {33},
  number    = {7},
  pages     = {495--500},
  publisher = {Elsevier},
}

@Book{won2013stochastic,
  title     = {Stochastic image processing},
  publisher = {Springer},
  year      = {2004},
  author    = {Won, Chee Sun and Gray, Robert M},
  address   = {New York},
}

@Article{jeng1991compound,
  author    = {Jeng, F-C and Woods, John W},
  title     = {Compound Gauss-Markov random fields for image estimation},
  journal   = {IEEE Transactions on Signal Processing},
  year      = {1991},
  volume    = {39},
  number    = {3},
  pages     = {683--697},
  publisher = {IEEE},
}

@Article{levakhina2013weighted,
  author    = {Levakhina, YM and M{\"u}ller, J and Duschka, RL and Vogt, F and Barkhausen, J and Buzug, TM},
  title     = {Weighted simultaneous algebraic reconstruction technique for tomosynthesis imaging of objects with high-attenuation features},
  journal   = {Medical physics},
  year      = {2013},
  volume    = {40},
  number    = {3},
  publisher = {Wiley Online Library},
}

@Article{wang2004image,
  author    = {Wang, Zhou and Bovik, Alan C and Sheikh, Hamid R and Simoncelli, Eero P},
  title     = {Image quality assessment: from error visibility to structural similarity},
  journal   = {IEEE transactions on image processing},
  year      = {2004},
  volume    = {13},
  number    = {4},
  pages     = {600--612},
  publisher = {IEEE},
}

@Book{gonzalez2008digital,
  title     = {Digital Image Processing},
  publisher = {Pearson/Prentice Hall},
  year      = {2008},
  author    = {Gonzalez, Rafael C and Woods, Richard E},
}

@InCollection{mertelmeier2014filtered,
  author    = {Mertelmeier, Thomas},
  title     = {Filtered backprojection-based methods for tomosynthesis image reconstruction},
  booktitle = {Tomosynthesis Imaging},
  publisher = {Taylor \& Francis},
  year      = {2014},
  editor    = {I. Reiser and S. Glick},
  chapter   = {7},
  pages     = {21-26},
  address   = {Boca Raton},
  edition   = {1},
}

@PhdThesis{xu2014tomographic,
  author = {Xu, Shiyu},
  title  = {Tomographic image reconstruction: implementation, optimization and comparison in digital breast tomosynthesis},
  school = {Southern Illinois University at Carbondale},
  year   = {2014},
}

@Book{morettin2010,
  title     = {Estatística Básica},
  publisher = {Saraiva},
  year      = {2010},
  author    = {Pedro A. Morettin, Wilton O. Bussab},
  editor    = {Saraiva},
  address   = {São Paulo},
  edition   = {6},
}

@Article{michell2018role,
  author    = {Michell, MJ and Batohi, B},
  title     = {Role of tomosynthesis in breast imaging going forward},
  journal   = {Clinical Radiology},
  year      = {2018},
  publisher = {Elsevier},
}

@Article{zhang2017applications,
  author    = {Zhang, Hao and Zeng, Dong and Zhang, Hua and Wang, Jing and Liang, Zhengrong and Ma, Jianhua},
  title     = {Applications of nonlocal means algorithm in low-dose X-ray CT image processing and reconstruction: A review},
  journal   = {Medical physics},
  year      = {2017},
  volume    = {44},
  number    = {3},
  pages     = {1168--1185},
  publisher = {Wiley Online Library},
}

@InProceedings{buades2005non,
  author       = {Buades, Antoni and Coll, Bartomeu and Morel, J-M},
  title        = {A non-local algorithm for image denoising},
  booktitle    = {Computer Vision and Pattern Recognition, 2005. CVPR 2005. IEEE Computer Society Conference on},
  year         = {2005},
  volume       = {2},
  pages        = {60--65},
  organization = {IEEE},
}

@Article{zhang2006comparative,
  author    = {Zhang, Yiheng and Chan, Heang-Ping and Sahiner, Berkman and Wei, Jun and Goodsitt, Mitchell M and Hadjiiski, Lubomir M and Ge, Jun and Zhou, Chuan},
  title     = {A comparative study of limited-angle cone-beam reconstruction methods for breast tomosynthesis},
  journal   = {Medical physics},
  year      = {2006},
  volume    = {33},
  number    = {10},
  pages     = {3781--3795},
  publisher = {Wiley Online Library},
}

@Article{des1932neue,
  author    = {Des Plantes, BG Ziedses},
  title     = {Eine neue methode zur differenzierung in der roentgenographie (planigraphie)},
  journal   = {Acta Radiologica},
  year      = {1932},
  number    = {2},
  pages     = {182--192},
  publisher = {SAGE Publications Sage UK: London, England},
}

@Article{schindelin2012fiji,
  author    = {Schindelin, Johannes and Arganda-Carreras, Ignacio and Frise, Erwin and Kaynig, Verena and Longair, Mark and Pietzsch, Tobias and Preibisch, Stephan and Rueden, Curtis and Saalfeld, Stephan and Schmid, Benjamin and others},
  title     = {Fiji: an open-source platform for biological-image analysis},
  journal   = {Nature methods},
  year      = {2012},
  volume    = {9},
  number    = {7},
  pages     = {676},
  publisher = {Nature Publishing Group},
}

@InCollection{sidky2014iterative,
  author    = {Sidky, Emil Y},
  title     = {Iterative image reconstruction design for digital breast tomosynthesis},
  booktitle = {Tomosynthesis Imaging},
  publisher = {Taylor \& Francis},
  year      = {2014},
  editor    = {I. Reiser and S. Glick},
  chapter   = {8},
  pages     = {107--131},
  address   = {Boca Raton},
  edition   = {1},
}

@InProceedings{borges2017metal,
  author       = {Borges, Lucas R and Bakic, Predrag R and Maidment, Andrew DA and Vieira, Marcelo AC},
  title        = {Metal artifact reduction using a patch-based reconstruction for digital breast tomosynthesis},
  booktitle    = {Medical Imaging 2017: Physics of Medical Imaging},
  year         = {2017},
  volume       = {10132},
  pages        = {1013221},
  organization = {International Society for Optics and Photonics},
}

@Manual{PhantomBR3D,
  title        = {BR3D Breast Imaging Phantom Model 020},
  author       = {CIRS},
  organization = {Computerized Imaging Reference Systems (CIRS)},
  year         = {2013},
  url          = {www.cirsinc.com/products/all/51/br3d-breast-imaging-phantom},
}

@Comment{jabref-meta: databaseType:bibtex;}
